<?xml version="1.0" encoding="UTF-8"?><collection xmlns="http://www.loc.gov/MARC21/slim"><record><leader>00578nam--2200205-u-4500</leader><controlfield tag="001">000050469</controlfield><controlfield tag="002">20161230</controlfield><controlfield tag="003">81868</controlfield><controlfield tag="005">20161230201048</controlfield><controlfield tag="008">070403s1000------------r-----000-0-eng-d</controlfield><datafield ind1=" " ind2=" " tag="020"><subfield code="a">981-256-129-3</subfield></datafield><datafield ind1=" " ind2=" " tag="040"><subfield code="a">IFIN-HH</subfield></datafield><datafield ind1=" " ind2=" " tag="041"><subfield code="a">eng</subfield></datafield><datafield ind1="1" ind2=" " tag="100"><subfield code="a">Giachetta,Giovanni; Mangiarotti,Luigi; Sardanashvily,Gennadi</subfield></datafield><datafield ind1="1" ind2="o" tag="245"><subfield code="a">Geometric and Algebraic Topological Methods in Quantum Mechanics</subfield></datafield><datafield ind1=" " ind2=" " tag="260"><subfield code="a">New Jersey</subfield><subfield code="b">World Scientific</subfield><subfield code="c">2005</subfield></datafield><datafield ind1=" " ind2=" " tag="504"><subfield code="a">Include Index</subfield></datafield><datafield ind1=" " ind2="4" tag="650"><subfield code="a">Supergeometry</subfield></datafield><datafield ind1=" " ind2=" " tag="852"><subfield code="a">81868</subfield><subfield code="c">513.73</subfield></datafield><datafield ind1=" " ind2=" " tag="CAT"><subfield code="a">Sys</subfield><subfield code="c">20080924</subfield><subfield code="h">091704</subfield></datafield></record></collection>